<?xml version="1.0" encoding="UTF-8"?><collection xmlns="http://www.loc.gov/MARC21/slim"><record><leader>00332nam--2200121-i-4500</leader><controlfield tag="001">000009353</controlfield><controlfield tag="002">20161230</controlfield><controlfield tag="005">20161230201028</controlfield><controlfield tag="008">060222s1000------------r-----000-0-eng-d</controlfield><datafield ind1=" " ind2=" " tag="245"><subfield code="a">Handbook of fuel cell technology</subfield></datafield><datafield ind1=" " ind2=" " tag="260"><subfield code="a">Englewood Cliffs, New Jersey, Prentice-hall, Inc., 1968 Xv + 607 P</subfield></datafield><datafield ind1=" " ind2=" " tag="700"><subfield code="a">Berger, Carl</subfield></datafield><datafield ind1=" " ind2=" " tag="852"><subfield code="a">33099</subfield></datafield></record></collection>